@techreport{Demeyer2002,
	added-at = {2008-07-07T16:45:32.000+0200},
	author = {Demeyer, Serge},
	biburl = {http://www.bibsonomy.org/bibtex/2393d655cc7a3eb51c25e3ed380c24f62/pdeleenh},
	interhash = {3c94a9391230741b322faa6ad965fbc7},
	intrahash = {393d655cc7a3eb51c25e3ed380c24f62},
	keywords = {imported},
	owner = {pdeleenh},
	school = {Lab on Reengineering, Universiteit Antwerpen, Belgium},
	timestamp = {2008-07-07T16:46:32.000+0200},
	title = {Maintainability versus Performance: What's the Effect of Introducing
	Polymorphism?},
	year = 2002
}

@article{2008502,
	title = {Search-based refactoring for software maintenance},
	journal = {Journal of Systems and Software},
	volume = {81},
	number = {4},
	pages = {502 - 516},
	year = {2008},
	note = {Selected papers from the 10th Conference on Software Maintenance and Reengineering (CSMR 2006)},
	issn = {0164-1212},
	doi = {https://doi.org/10.1016/j.jss.2007.06.003},
	url = {http://www.sciencedirect.com/science/article/pii/S0164121207001409},
	author = {Mark O’Keeffe and Mel Ó Cinnéide}
}

@Article{Xing2007,
	author="Xing, Zhenchang
	and Stroulia, Eleni",
	title="Differencing logical UML models",
	journal="Automated Software Engineering",
	year="2007",
	volume="14",
	number="2",
	pages="215--259",
	issn="1573-7535",
	doi="10.1007/s10515-007-0007-3",
	url="http://dx.doi.org/10.1007/s10515-007-0007-3"
}

@inproceedings{Xing:2006:RDB:1174510.1174736,
	author = {Xing, Zhenchang and Stroulia, Eleni},
	title = {Refactoring Detection Based on UMLDiff Change-Facts Queries},
	booktitle = {Proceedings of the 13th Working Conference on Reverse Engineering},
	series = {WCRE '06},
	year = {2006},
	isbn = {0-7695-2719-1},
	pages = {263--274},
	numpages = {12},
	url = {http://dx.doi.org/10.1109/WCRE.2006.48},
	doi = {10.1109/WCRE.2006.48},
	acmid = {1174736},
	publisher = {IEEE Computer Society},
	address = {Washington, DC, USA},
} 

@inproceedings {5313,
	title = {Code-Imp: A Tool for Automated Search-Based Refactoring},
	journal = {ICSE Workshop on Refactoring Tools (WRT)},
	year = {2011},
	month = {05/2011},
	address = {Hawaii},
	url = {http://hdl.handle.net/10344/2220},
	author = {Hemati Moghadam, Iman and {\'O} Cinn{\'e}ide, Mel}
}

@misc{JDEvAn,
	title = {Zhenchang Xing - Application Packet},
	howpublished = {\url{https://webdocs.cs.ualberta.ca/~stroulia/Zhenchang_Xing_Old_Home/jdevan.html}},
	note = {Accessed: 2017-05-12}
}

@book{designpatter,
	author = {Gamma, Erich and Helm, Richard and Johnson, Ralph and Vlissides, John},
	title = {Design Patterns: Elements of Reusable Object-oriented Software},
	year = {1995},
	isbn = {0-201-63361-2},
	publisher = {Addison-Wesley Longman Publishing Co., Inc.},
	address = {Boston, MA, USA},
} 

@book{nullobject,
	editor = {Martin, Robert C. and Riehle, Dirk and Buschmann, Frank},
	title = {Pattern Languages of Program Design 3},
	year = {1997},
	isbn = {0-201-31011-2},
	publisher = {Addison-Wesley Longman Publishing Co., Inc.},
	address = {Boston, MA, USA},
}

@INPROCEEDINGS{aswec, 
	author={E. Mealy and D. Carrington and P. Strooper and P. Wyeth}, 
	booktitle={Software Engineering Conference, 2007. ASWEC 2007. 18th Australian}, 
	title={Improving Usability of Software Refactoring Tools}, 
	year={2007}, 
	pages={307-318}, 
	keywords={software maintenance;software prototyping;software tools;ISO 9241-11 usability standard;software refactoring tool;task allocation;Costs;Guidelines;ISO standards;Prototypes;Software prototyping;Software quality;Software standards;Software systems;Software tools;Usability}, 
	doi={10.1109/ASWEC.2007.24}, 
	ISSN={1530-0803}, 
	month={April},}

@techreport{polymorphism,
  author    = {Serge Demeyer},
  title     = {Maintainability versus Performance: What's the Effect of Introducing Polymorphism?},
  institution = {Lab. on Reengineering (LORE), Universiteit Antwerpe},
  year      = {2002},
}

@inproceedings{cpp,
  author    = {Richard Fanta and
               Václav Rajlich},
  title     = {Restructuring Legacy {C} Code into {C++}},
  booktitle = {1999 International Conference on Software Maintenance, {ICSM} 1999,
               Oxford, England, UK, August 30 - September 3, 1999},
  pages     = {77--85},
  publisher = {{IEEE} Computer Society},
  year      = {1999},
  OPTurl    = {http://dx.doi.org/10.1109/ICSM.1999.792576},
  doi       = {10.1109/ICSM.1999.792576},
  timestamp = {Wed, 10 Jun 2015 16:53:30 +0200},
  biburl    = {http://dblp.uni-trier.de/rec/bib/conf/icsm/FantaR99},
  bibsource = {dblp computer science bibliography, http://dblp.org}
}

@inbook{coevolution,
  author    = {Theo D'Hondt and
               Kris {De Volder} and
               Kim Mens and
               Roel Wuyts},
  editor    = {Mehmet Akşit},
  title     = {Co-Evolution of Object-Oriented Software Design and Implementation},
  booktitle = {Software Architectures and Component Technology},
  pages     = {207--224},
  publisher = {Springer {US}},
  year      = {2002},
  OPTurl    = {http://dx.doi.org/10.1007/978-1-4615-0883-0_7},
  doi       = {10.1007/978-1-4615-0883-0_7},
  isbn      = {978-1-4615-0883-0},
  biburl    = {https://link.springer.com/chapter/10.1007/978-1-4615-0883-0_7}
}

@inproceedings{design-diff,
  author    = {Iman Hemati Moghadam and
               Mel {Ó Cinnéide}},
  editor    = {Tom Mens and
               Anthony Cleve and
               Rudolf Ferenc},
  title     = {Automated Refactoring Using Design Differencing},
  booktitle = {16th European Conference on Software Maintenance and Reengineering, {CSMR} 2012,
               Szeged, Hungary, March 27-30, 2012},
  pages     = {43--52},
  publisher = {{IEEE} Computer Society},
  year      = {2012},
  OPTurl    = {http://dx.doi.org/10.1109/CSMR.2012.15},
  doi       = {10.1109/CSMR.2012.15},
  timestamp = {Tue, 25 Nov 2014 17:05:17 +0100},
  biburl    = {http://dblp.uni-trier.de/rec/bib/conf/csmr/MoghadamC12},
  bibsource = {dblp computer science bibliography, http://dblp.org}
}

@inproceedings{sparta,
  author    = {Yossi Gil and
               Matteo Orrù},
  editor    = {Martin Pinzger and
               Gabriele Bavota and
               Andrian Marcus},
  title     = {The {Spartanizer}: Massive Automatic Refactoring},
  booktitle = {{IEEE} 24th International Conference on Software Analysis, Evolution and Reengineering, {SANER} 2017,
               Klagenfurt, Austria, February 20-24, 2017},
  pages     = {477--481},
  publisher = {{IEEE} Computer Society},
  year      = {2017},
  OPTurl    = {http://dx.doi.org/10.1109/SANER.2017.7884657},
  doi       = {10.1109/SANER.2017.7884657},
  timestamp = {Tue, 28 Mar 2017 11:37:52 +0200},
  biburl    = {http://dblp.uni-trier.de/rec/bib/conf/wcre/GilO17},
  bibsource = {dblp computer science bibliography, http://dblp.org}
}

@inproceedings{slicing,
  author    = {Loren Larsen and
               Mary Jean Harrold},
  editor    = {H. Dieter Rombach and
               T. S. E. Maibaum and
               Marvin V. Zelkowitz},
  title     = {Slicing Object-Oriented Software},
  booktitle = {18th International Conference on Software Engineering, {ICSE} 1996,
               Berlin, Germany, March 25-29, 1996},
  pages     = {495--505},
  publisher = {{IEEE} Computer Society},
  year      = {1996},
  OPTurl    = {http://portal.acm.org/citation.cfm?id=227726.227837},
  timestamp = {Mon, 17 Sep 2012 17:53:34 +0200},
  biburl    = {http://dblp.uni-trier.de/rec/bib/conf/icse/LarsenH96},
  bibsource = {dblp computer science bibliography, http://dblp.org}
}
